<record><leader>00000cas a22000007a 4500</leader><controlfield tag="001">13490401</controlfield><controlfield tag="008">860424d18881908pauwr ne      0    0eng d</controlfield><datafield ind1=" " ind2=" " tag="010"><subfield code="a">sn 87078113 </subfield></datafield><datafield ind1=" " ind2=" " tag="040"><subfield code="a">NPH</subfield><subfield code="b">eng</subfield><subfield code="c">NPH</subfield><subfield code="d">OCLCQ</subfield></datafield><datafield ind1=" " ind2=" " tag="042"><subfield code="a">msc</subfield></datafield><datafield ind1="0" ind2="4" tag="245"><subfield code="a">Die Lebanon Volks-Zeitung.</subfield></datafield><datafield ind1="3" ind2="0" tag="246"><subfield code="a">Volks-Zeitung</subfield></datafield><datafield ind1="3" ind2="0" tag="246"><subfield code="a">Libanon Volks-Zeitung</subfield></datafield><datafield ind1=" " ind2=" " tag="260"><subfield code="a">Lebanon, Lebanon Co., Pa. :</subfield><subfield code="b">Hauck u. Gettel</subfield></datafield><datafield ind1=" " ind2=" " tag="300"><subfield code="a">v. :</subfield><subfield code="b">ill. (chiefly advertisements) ;</subfield><subfield code="c">70 cm.</subfield></datafield><datafield ind1=" " ind2=" " tag="310"><subfield code="a">Weekly</subfield></datafield><datafield ind1="1" ind2=" " tag="362"><subfield code="a">Began in 1888; ceased in 1908.</subfield></datafield><datafield ind1=" " ind2=" " tag="500"><subfield code="a">&quot;Herausgegeben in der fru&#776;heren Office des 'Pennsylvaniers'&quot;</subfield></datafield><datafield ind1=" " ind2=" " tag="580"><subfield code="a">Continues: Young's neue Volks-Zeitung. Cf. Arndt &amp; Olson.</subfield></datafield><datafield ind1=" " ind2=" " tag="588"><subfield code="a">Description based on: 37 Jahrg., Nr. 45 (Sept. 12, 1888).</subfield></datafield><datafield ind1=" " ind2=" " tag="752"><subfield code="a">United States</subfield><subfield code="b">Pennsylvania</subfield><subfield code="c">Lebanon</subfield><subfield code="d">Lebanon.</subfield></datafield><datafield ind1="1" ind2="0" tag="780"><subfield code="t">Young's neue Volks-Zeitung</subfield><subfield code="w">(DLC)sn 86081606</subfield></datafield><datafield ind1="1" ind2=" " tag="029"><subfield code="a">AU@</subfield><subfield code="b">000025804295</subfield></datafield></record>